@book{Pozar,
   author = {David M. Pozar},
   city = {Hoboken, NJ},
   edition = {Fourth},
   isbn = {9780470631553},
   publisher = {John Wiley & Sons, Inc.,},
   title = {Microwave Engineering},
   year = {2015},
}

@book{circuits,
   author = {Chris Bowick and John Blyler and Cheryl Ajluni},
   city = {Burlington},
   edition = {Second},
   publisher = {Newnes},
   title = {RF Circuit Design},
}
